@book{Demtröder,
    title = {Experimentalphysik 2 - Elektrizität und Optik},
    author = {Wolfgang Demtröder},
    isbn = {978-3-662-55790-7},
    year = {2017},
    publisher = {Springer-Lehrbuch},
}

@book{MeMe,
    title = {Einführung in die physikalischen Messmethoden - \it{Vorlesung und Übung}},
    author = {Institut für Experimentalphysik Technische Universität Graz, Institut für Physik Universität Graz},
    address = {Graz},
    year = {2022},
}

@article{plasmaParameterLimitsLechte2002,
    author = {Lechte, Carsten and Stöber, Jennifer and Stroth, Ulrich},
    title = "{Plasma parameter limits of magnetically confined low temperature plasmas from a combined particle and power balance}",
    journal = {Physics of Plasmas},
    volume = {9},
    number = {6},
    pages = {2839-2846},
    year = {2002},
    month = {06},
    issn = {1070-664X},
    doi = {10.1063/1.1467928},
    url = {https://doi.org/10.1063/1.1467928},
    eprint = {https://pubs.aip.org/aip/pop/article-pdf/9/6/2839/19097666/2839\_1\_online.pdf},
}

@book{birkenmaierModeling2008,
    title = {Experiments and Modeling of Transport Processes in Toroidal Plasmas - \it{Diploma Thesis}},
    author = {Gregor Birkenmaier},
    address = {Stuttgart},
    year = {2008},
}

@ARTICLE{2012JInst...7C1107C,
       author = {{Choi}, D.~H. and {An}, Y.~H. and {Chung}, K.~J. and {Hwang}, Y.~S.},
        title = "{Design of interferometer system on Versatile Experiment Spherical Torus (VEST) at Seoul National University}",
      journal = {Journal of Instrumentation},
         year = 2012,
        month = jan,
       volume = {7},
       number = {1},
        pages = {C01107},
          doi = {10.1088/1748-0221/7/01/C01107},
       adsurl = {https://ui.adsabs.harvard.edu/abs/2012JInst...7C1107C},
      adsnote = {Provided by the SAO/NASA Astrophysics Data System}
}


@misc{design_repo,
    title = {Fusion Reactor Design 2024 central Github repository},
    howpublished = {https://github.com/itpplasma/reactor24}
}

@misc{QUASR, 
    title={Flatiron Institute QUAsi-symmetric Stellarator Repository},
    url={https://quasr.flatironinstitute.org/model/0021326},
    journal={Quasr Navigator},
    author={Giuliani , Andrew}
}  -  QUASR database by Andrew Giuliani (Flatiron Institute), based on algorithms developed with Florian Wechsung (NYU), Georg Stadler (NYU), Antoine Cerfon (NYU), and Matt Landreman (U Maryland)

@book{Stroth_Plasmaphysik,
    title = {{Plasmaphysik}},
    year = {2018},
    author = {Stroth, Ulrich},
    publisher = {Springer Berlin Heidelberg},
    address = {Berlin, Heidelberg},
    isbn = {978-3-662-55235-3},
    doi = {10.1007/978-3-662-55236-0}
}