@book{PhyscPlasma,
  author    = {T.J.M. Boyd , J.J. Sanderson},
  title     = { The Physics of Plasmas},
  publisher = {Cambridge University Press},
  year      = {2003}
}

@book{NucFus,
  author    = {Edward Morse},
  title     = {Nuclear Fusion},
  publisher = {Springer},
  year      = {2018}
}

@book{RadShi,
  author    = {B.T. Price},
  title     = {Radiation Shielding},
  publisher = {Pergamon Press},
  year      = {1959}
}

@misc{TJK,
  title  = {The stellarator TJ-K},
  author = {University of Stuttgart, Institute of Interfacial Process Engineering and Plasma Technology},
  url    = {https://www.igvp.uni-stuttgart.de/en/research/plasma-dynamics-and-diagnostics/experiments/TJ-K/}
}


@phdthesis{RadPhd,
  author = {Andrew Davis},
  title  = {Radiation Shielding of Fusion Systems},
  school = {School of Physics and Astronomy, University of Birmingham},
  year   = {2010}
}

@misc{HVL,
  title  = {Half-Value Layer and Attenuation Coefficient},
  author = {Iowa State University, Center for Nondestructive Evaluation},
  url    = {https://www.nde-ed.org/Physics/X-Ray/attenuationCoef.xhtml}
}

@article{skin,
  author  = {D. D. L. Chung and Murat Ozturk},
  title   = {Electromagnetic skin depth of cement paste and its thickness dependence},
  journal = {Journal of Building Engineering},
  year    = {2022}
}

@book{emrad,
  author    = {George M. Kunkel},
  title     = {Shielding of Electromagnetic Waves, Theory and Practice},
  publisher = {Springer},
  year      = {2020}
}

@book{cond,
  title     = {Materials Science and Engineering. An Introduction},
  author    = {W. Callister},
  publisher = {John Wiley \& Sons},
  year      = {2000}
}

@misc{codata22,
  author = {Eite Tiesinga and Peter J. Mohr and David B. Newell and Barry N. Taylor},
  title  = {The 2022 CODATA Recommended Values of the Fundamental Physical Constants},
  url    = {https://physics.nist.gov/constants},
  note   = {Database developed by J. Baker, M. Douma, and S. Kotochigova. National Institute of Standards and Technology, Gaithersburg},
  year   = {2022}
}

@misc{ATH3204,
  title  = {ATH 3204 MT, DN 320 ISO-F, water-cooled, heated, with integrated drive electronics},
  author = {{Pfeiffer Vacuum}},
  year   = 2024,
  url    = {https://www.pfeiffer-vacuum.com/global/en/shop/products/TMAAAC681101},
  note   = {Accessed: 2024-07-16}
}


@misc{HPT200,
  title  = {Pirani/Bayard-Alpert Kombination HPT 200},
  author = {{Pfeiffer Vacuum}},
  url    = {https://vacuum-shop.com/shop/de_DE/category/2073476/pirani-bayard-alpert-kombination-hpt-200-5101000hpa.html},
  year   = {2024},
  note   = {Accessed: 2024-07-16}
}


@misc{BCG450,
  title  = {BCG 450},
  author = {{INFICON}},
  year   = 2024,
  note   = {Accessed: 2024-07-16},
  url    = {https://www.inficon.com/de/produkte/vakuummessgeraete-und-controller/bcg450}
}

@book{Wutz2000,
  abstract = {Die Geschichte der Vakuumtechnik beginnt mit Evangelista Torricelli und Otto von Guericke im 17. Jahrhundert. Sie entkräfteten die philosophischen Überlegungen, dass es ein Vakuum nicht geben könne, indem sie es einfach herstellten. Im späten 19. Jahrhundert begann die industrielle Anwendung der Vakuumtechnik, die sich daraufhin selbst zu einem Industriezweig entwickelte. Mit der Entwicklung der Halbleiterindustrie in der zweiten Hälfte des 20. Jahrhunderts stieg die Vakuumtechnik zu einer der Schlüsseltechnologien unserer heutigen Hochtechnologie auf.},
  author   = {Max Wutz and Hermann Adam and Wilhelm Walcher and Karl Jousten},
  doi      = {10.1007/978-3-322-99947-4},
  journal  = {Handbuch Vakuumtechnik},
  title    = {Handbuch Vakuumtechnik},
  year     = {2000}
}

@article{SCR,
  author  = {V.I. Vargas and J. Mora and C. Otárola and et al.},
  title   = {Progress on small modular stellarator SCR-1},
  journal = {42nd EPS Conference on Plasma Physics},
  year    = {2015}
}

@article{MEP,
  author  = {G. M. Vorobyova and  S. A. Krata and V. D. Mironova and V. A. Kurnaev},
  title   = {Vacuum Chamber of the MEPhIST-1 Tokamak},
  journal = {Physics of Atomic Nuclei, Vol. 83},
  year    = {2020}
}

@phdthesis{TJK2,
  author = {Alf Kohn},
  title  = {Investigation of microwave heating scenarios in the magnetically confined low-temperature plasma of the stellarator TJ-K},
  school = {Institut f¨ur Plasmaforschung der Universit¨at Stuttgart},
  year   = {2010}
}

@article{SCR,
  author  = {V.I. Vargas and J. Mora and C. Otárola and et al.},
  title   = {Progress on small modular stellarator SCR-1},
  journal = {42nd EPS Conference on Plasma Physics},
  year    = {2015}
}

@article{MEP,
  author  = {G. M. Vorobyova and  S. A. Krata and V. D. Mironova and V. A. Kurnaev},
  title   = {Vacuum Chamber of the MEPhIST-1 Tokamak},
  journal = {Physics of Atomic Nuclei, Vol. 83},
  year    = {2020}
}

@phdthesis{TJK2,
  author = {Alf Kohn},
  title  = {Investigation of microwave heating scenarios in the magnetically confined low-temperature plasma of the stellarator TJ-K},
  school = {Institut f¨ur Plasmaforschung der Universit¨at Stuttgart},
  year   = {2010}
}

@misc{ALPS,
  author       = {G.F. Harrer},
  title        = {Rapid Prototyping Platform for Stellarator Reactor Configurations},
  year         = {2024},
  month        = {1},
  note         = {Scientific Proposal for Enabling Research Project},
  institution  = {ÖAW: TU Graz / TU Wien, KIPT},
  address      = {Technology \& Systems},
  howpublished = {Project duration: 01.01.2024 – 31.12.2025}
}

@article{glass,
  author  = {Z. Molnár1 and J. Égert1 and M. Bert},
  title   = {Finite Element Analysis of Glass Vacuum Windows of the “COMPASS” Tokamak in Prague},
  journal = {Acta Technica Jaurinensis},
  year    = {2015}
}

@book{elast,
  author    = {L.D. Landau and E.M. Lifshitz},
  title     = {Theory of Elasticity},
  publisher = {Butterworth-Heinemann},
  year      = {1986}
}

@book{stress,
  author    = {S. Timoshenko and S. Woinowsky-Krieger},
  title     = {Theory of plates and shells},
  publisher = {McGraw-Hill},
  year      = {1959}
}

@misc{quartz,
  title  = {Machinable Quartz},
  author = {Final Materials},
  year   = 2024,
  note   = {Accessed: 2024-07-16},
  url    = {https://www.final-materials.com/gb/43-machinable-quartz}
}

@misc{pfeifferdruck,
  title  = {ITR90},
  author = {{Pfeiffer Vacuum}},
  year   = 2024,
  note   = {Accessed: 2024-07-16},
  url    = {https://www.pfeiffer-vacuum.com/global/de/shop/products/PT_T12_366_300}
}


@misc{pfeiffer,
  title  = {PrismaPro},
  author = {{Pfeiffer Vacuum}},
  year   = 2024,
  note   = {Accessed: 2024-07-16},
  url    = {https://www.pfeiffer-vacuum.com/global/de/shop/products/6d0f7cd8-a157-453a-802a-48eac86b4c85}
}

@misc{pfeiffer_venting_valve,
  author = {{Pfeiffer Vacuum}},
  title  = {Venting valves},
  year   = 2024,
  url    = {https://www.pfeiffer-vacuum.com/global/en/shop/products/d75b9798-4ae8-408d-b1fb-970fa22fa890},
  note   = {Accessed: 2024-06-27}
}
@misc{pfeiffer_window,
  author = {{Pfeiffer Vacuum}},
  title  = {Viewport, stainless steel / fused silica, UV, DN 100 CF},
  year   = 2024,
  url    = {https://www.pfeiffer-vacuum.com/global/en/shop/products/420GSG100_SILICA_UV},
  note   = {Accessed: 2024-06-27}
}

@misc{pfeiffer_bellows,
  author = {{Pfeiffer Vacuum}},
  title  = {Bellows, stainless steel, flange 304L, bellows 316L, DN 40 CF},
  year   = 2024,
  url    = {https://www.pfeiffer-vacuum.com/global/en/shop/products/420SFK040_160},
  note   = {Accessed: 2024-07-01}
}
@misc{pfeiffer_coaxial,
  author = {{Pfeiffer Vacuum}},
  title  = {Koaxial Durchführung, BNC, Grounded Shield, 4 Pins, DN 40 CF},
  year   = 2024,
  url    = {https://www.pfeiffer-vacuum.com/global/de/shop/products/420XBG040_4},
  note   = {Accessed: 2024-07-01}
}

@article{outgassing,
  title   = {Hydrogen outgassing and permeation in stainless steel and its reduction for UHV applications},
  journal = {Materials Today: Proceedings},
  volume  = {44},
  pages   = {968-974},
  year    = {2021},
  note    = {International Conference on Materials, Processing \& Characterization},
  issn    = {2214-7853},
  doi     = {https://doi.org/10.1016/j.matpr.2020.11.007},
  url     = {https://www.sciencedirect.com/science/article/pii/S2214785320385795},
  author  = {Samiran Mukherjee and Paresh Panchal and Jyoti Shankar Mishra and Ranjana Gangradey and Pratik Nayak and Vishal Gupta}
}

@article{thermal_outgassing,
  title   = {Thermal Outgassing},
  journal = {CAS-CERN Accelerator School: Vacuum Technology},
  pages   = {111-125},
  year    = {1999},
  doi     = {https://doi.org/10.5170/CERN-1999-005.111},
  author  = {K. Jousten}
}


@article{vacsystj2,
  title    = {The vacuum system of the TJ-II stellarator},
  journal  = {Vacuum},
  volume   = {45},
  number   = {10},
  pages    = {1059-1061},
  year     = {1994},
  note     = {Special Issue Proceedings of the 1st European Topical Conference On Hard Coatings and the II Iberian Vacuum Meeting 12-15 July 1993, Alicante, Spain},
  issn     = {0042-207X},
  doi      = {https://doi.org/10.1016/0042-207X(94)90022-1},
  url      = {https://www.sciencedirect.com/science/article/pii/0042207X94900221},
  author   = {FL Tabarés and A García and J Botija},
  abstract = {In this paper, the conceptual design of the vacuum system (pumping and measurement) of the TJ-II stellarator is presented. A detailed description of the specific problems associated with the peculiarities of the machine and the proposed solutions are given. Examples of these peculiarities are: the outgassing behaviour of the plasma-facing components during and after the plasma shots, the coupling of the pumping system to the vacuum vessel, and the suitability of the proposed system for the different modes of operation.}
}


@misc{ACP90,
  title  = {ACP 90, SD version, three-phase (HV), manual gas ballast},
  author = {{Pfeiffer Vacuum}},
  note   = {Accessed: 2024-07-16},
  url    = {https://www.pfeiffer-vacuum.com/api/empolis/resource/environment/project1_p/documents/pfeifferSharepointProd/61856-Datasheet_V9SABSCZMR01_en.pdf}
}

@article{quardrupolmassspec,
  title   = {Quadrupoles: How do they work?},
  journal = {Traces center, University of Toronto},
  year    = {2020},
  url     = {https://www.utsc.utoronto.ca/~traceslab/PDFs/MassSpec_QuadsInfo.pdf},
  author  = {T. Adamo}
}

@misc{pfeiffervacuum,
  year = 2024,
  url  = {https://www.pfeiffer-vacuum.com/global/de}
}


@book{jousten_handbuch_2018,
  title     = {Handbuch Vakuumtechnik},
  editor    = {Karl Jousten},
  year      = {2018},
  publisher = {Springer Vieweg Wiesbaden},
  series    = {Springer Reference Technik},
  doi       = {10.1007/978-3-658-13386-3}
}
@misc{pie,
  author = {{Newport Corporation}},
  title  = {Vacuum Picomotor Actuators},
  year   = {2024},
  url    = {https://www.newport.com/f/vacuum-picomotor-actuators},
  note   = {[Accessed: 2024-07-16]}
}


@misc{piez0,
  author = {{SmarAct GmbH}},
  title  = {UHV Piezo Stages},
  year   = {2024},
  url    = {https://www.smaract.com/en/UHV-Piezo-Stages},
  note   = {[Accessed: 2024-07-16]}
}


